4576 5632
1165 111 1345 236 1.ιο

390 313 571 406 elieue)en
592 311 751 380 edulium
772 309 949 400 elcqierum
973 311 1113 403 speeiem
1139 311 1344 380 referendum
1368 313 1413 380 sit
1438 313 1534 382 hodie
1554 333 1620 382 oen
1641 311 1718 382 lieet
1738 317 1779 384 ed
1798 315 1956 408 l'qeidem
1980 314 2179 405 perdeeerm
2205 297 2270 388 viel

391 459 497 516 eutem
515 435 776 524 Nicherdiuqius
792 435 871 502 mihi
892 437 1097 526 persuadebit
1124 460 1253 508 cutmen
1273 435 1358 502 illud
1384 436 1575 528 inscriptum
1595 437 1694 506 luisse
1717 433 1936 530 δικάχορὸος
1956 432 2069 536 λύρα,
2095 451 2246 530 prophis

390 569 478 659 quud
508 567 605 638 rethe
634 559 673 628 iu
698 557 915 656 δεκαχὸρδηι,
941 561 1060 654 quihus
1086 560 1270 652 explieeudi
1297 557 1401 648 gretie
1429 557 1519 628 eolus
1543 561 1731 651 Bryeunius
1750 563 1879 632 eddidit
1899 555 2003 657 λύρη,
2036 583 2107 630 eon
2134 562 2242 626 titelre

389 692 542 764 eerminis
564 665 729 770 exhibent,
750 689 808 754 sed
829 712 891 754 une
912 711 985 754 cum
1006 685 1216 776 s'uhsequeuti
1238 696 1424 752 tetremetro
1443 682 1605 774 integrum
1625 687 1769 754 efficiunt
1788 687 2009 757 humetum
2033 685 2229 774 deetylicm
2259 769 2264 778 .

489 825 567 916 Qun
594 822 734 913 denique
760 818 869 906 eleqie'
892 820 953 888 lou
978 819 1176 910 Pherecydis
1202 829 1300 907 etque
1325 817 1519 906 Pytlmqor:
1546 817 1658 886 leudes
1694 833 1907 909 muretus
1932 821 1978 888 sit
2005 843 2125 910 peren
2151 817 2243 908 thece

391 948 566 1018 llenifesto
586 960 694 1014 eutem
714 968 824 1012 emere
844 944 998 1034 deeeptus
1021 957 1071 1011 est
1090 941 1343 1030 Nichcrdiugiue
1362 941 1420 1031 qni
1447 967 1480 1032 p.
1502 945 1552 1010 lli
1573 943 1726 1031 cogitevit
1747 943 1789 1010 de
1804 945 2106 1034 epigrammate
2123 943 2156 1008 iu
2176 943 2242 1010 lle

346 1088 353 1094 '
393 1073 545 1162 recydem
567 1069 763 1161 conscripto,
784 1095 880 1160 quem
902 1079 1009 1135 temen
1031 1067 1222 1136 sententium
1245 1077 1357 1156 postee
1382 1066 1453 1156 ipse
1472 1079 1610 1134 muteese
1636 1065 1774 1148 videtur,
1801 1067 1925 1158 quippe
1949 1069 2010 1162 qui
2040 1094 2074 1158 p
2098 1071 2145 1134 71
2170 1079 2240 1132 reete

389 1194 648 1263 enimedverterit
668 1194 732 1262 duo
753 1218 826 1284 que
846 1204 1019 1281 supersunt
1039 1190 1175 1260 distiehe
1195 1180 1326 1280 (ireque.
1347 1185 1389 1276 0)
1417 1201 1609 1281 poetrcmem
1631 1201 1753 1257 tentum
1775 1189 1927 1258 eermiuie
1947 1205 2075 1284 perta
2096 1213 2241 1274 esee,sou

392 1343 520 1388 mrmen
540 1319 664 1410 ipsum,
684 1329 784 1408 etque
803 1315 838 1383 in
859 1314 899 1382 iis
921 1339 993 1405 qum
1020 1325 1261 1383 euteccsseruut
1287 1297 1416 1406 perusi
1437 1316 1573 1382 virtutes
1592 1315 1791 1402 Pherecydis
1817 1291 1970 1408 leudilsns
1992 1315 2144 1382 cxtelioee
2162 1325 2241 1404 etque

390 1444 580 1527 celebrem,
601 1465 674 1534 ques
695 1441 814 1509 deinde
834 1443 930 1508 heere
949 1437 1190 1509 concluduntur
1208 1437 1384 1505 sententies
1420 1439 1483 1506 lte
1504 1439 1570 1506 hie
1590 1439 1752 1546 quidem
1772 1438 1837 1505 vir
1856 1452 2027 1506 ornatus
2047 1455 2088 1508 et
2107 1441 2242 1506 virtute

390 1581 430 1636 et
455 1568 669 1650 modestie,
696 1567 816 1634 etiem
845 1575 1058 1657 postquem
1088 1574 1272 1630 mortuus
1299 1573 1379 1644 est,
1407 1563 1536 1629 leetem
1564 1565 1695 1630 enimn
1723 1561 1836 1648 degit
1860 1521 2007 1647 vilem,
2037 1565 2074 1630 si
2102 1563 2239 1653 quiden

388 1695 646 1783 Pythequres
668 1691 842 1756 omnium
865 1688 1067 1755 hominum
1094 1686 1446 1784 sepientissimus
1445 1685 1521 1752 ille
1547 1708 1638 1754 vere
1662 1688 1900 1754 sententies
1920 1677 1981 1767 (se.
2004 1687 2242 1780 philosophicus

388 1816 603 1886 intellexit
623 1825 661 1881 et
679 1814 847 1880 edoctus
867 1810 954 1878 tuit.
2271 1833 2272 1952 η

489 1948 604 2016 lenem
625 1942 748 2034 exeipit
767 1941 959 2012 nvnlws
979 1939 1170 2025 PAmvs,
1198 1965 1293 2032 quem
1317 1937 1524 2030 Olympiedis
1546 1939 1710 2008 Lmtt
1736 1959 1821 2008 enno
1841 1944 1935 2010 tertio
1957 1967 2019 2010 une
2045 1967 2125 2011 eum
2147 1929 2272 2032 hirspe

390 2073 486 2143 doele
507 2081 541 2139 et
560 2065 754 2158 Permesside
781 2065 929 2133 llomissc
956 2077 1091 2134 testetur
1114 2058 1346 2149 Eusebius'⁸)
1393 2063 1462 2130 lem
1486 2064 1753 2132 Eratosthenes
1743 2087 1776 2130 ιιι
1804 2064 1891 2131 libro
1918 2067 1959 2134 dc
1978 2067 2242 2159 Chronsgrsplis

389 2197 472 2264 duos
490 2195 623 2262 Euenos
645 2203 757 2324 poetes
778 2192 940 2280 elegiacos
962 2214 1083 2281 eosque
1100 2191 1214 2259 Perios
1235 2190 1334 2284 luisse
1355 2187 1487 2255 tradidit
1507 2187 1592 2278 epud
1605 2188 1897 2278 ilerpoeretionem
1913 2215 1945 2282 p.
1957 2193 2008 2260 77
2026 2215 2058 2257 r.
2082 2188 2147 2262 eo
2160 2187 2243 2286 νιὸς

389 2303 798 2404 -8ὑοᾶιαγράφοισιν
815 2299 983 2398 Εύηιοις
1005 2303 1164 2390 ἐλεγείων
1180 2297 1339 2398 ποιητὰς
1364 2297 1580 2392 ὀμωνύοοις
1604 2297 1704 2397 elifii
1696 2319 1782 2386 ιοις,
1798 2296 1969 2392 modurn
1993 2252 2245 2429 Ἑρατωοιἰης

345 2403 352 2414 ’
390 2433 430 2497 ἐν
453 2432 507 2526 eei
533 2424 615 2521 περὶ
641 2427 916 2520 χρονογραηιῶν
938 2420 1165 2520 ἀμφοτέραις
1190 2421 1299 2507 λέγων
1318 2412 1544 2516 Παρίους
1514 2443 1616 2488 essee·
1640 2418 1882 2516 γνωρίζεσθαι
1903 2417 1949 2488 de'
1969 2437 2067 2514 φησι
2092 2423 2158 2492 τὸν
2181 2439 2273 2488 uem

391 2569 495 2642 τερον
517 2543 647 2638 μόνον.
671 2543 851 2635 μέμνηται
879 2537 919 2612 de'
945 2543 1106 2638 θατέρου
1138 2539 1261 2610 αὐτῶν
1290 2536 1350 2608 καὶ
1377 2534 1551 2610 Πλάτων.
1605 2543 1703 2610 Pluto
1728 2553 1834 2608 eutem
1861 2541 1896 2606 ie
1922 2541 2095 2632 Apoloqie
2120 2523 2273 2611 somus

390 2705 423 2770 p.
445 2681 496 2748 20
516 2681 557 2746 B.
581 2673 730 2741 Euenum
751 2673 884 2741 Perium
905 2673 1083 2764 sophistem
1104 2672 1249 2764 quinque
1269 2671 1427 2740 minerutn
1449 2671 1554 2763 pretio
1573 2669 1727 2738 virtutem
1747 2674 1917 2738 humm-
1935 2687 2035 2764 etque
2056 2674 2186 2744 uirilem
2202 2675 2246 2740 de

391 2801 496 2866 euisse
518 2798 563 2864 eit
583 2795 784 2887 eundemque
805 2810 898 2865 vocet
919 2808 1045 2890 poetem
1067 2799 1101 2864 in
1121 2785 1266 2865 Phedro
1281 2797 1402 2886 plot
1421 2795 1465 2869 Α.
1485 2797 1527 2861 ci.
1546 2795 1719 2862 Heindorf.
1739 2795 1779 2860 ed
1794 2795 1951 2865 Pleedou.
1972 2803 2073 2891 poti
2091 2800 2138 2868 l).
2177 2801 2247 2868 lice

391 2921 590 3015 perorationis
609 2920 718 2986 locum
738 2920 767 3012 si
788 2919 862 3010 quis
882 2945 955 2988 eum
977 2922 1111 2990 llosehii
1132 2921 1257 2988 retioec
1277 2920 1469 3002 contulerit,
1500 2919 1596 2987 leeile
1618 2917 1814 2986 inanimum
1840 2919 1905 2986 sihi
1926 2921 2091 2991 inducit
2111 2923 2247 2992 Remu

329 3037 334 3046 ’
390 3045 601 3138 Empedoclis
621 3057 655 3113 et
675 3045 876 3112 Permenidis
904 3044 1059 3136 equelem
1082 3045 1343 3135 distinguendum
1369 3067 1439 3110 esse
1466 3041 1507 3109 eh
1534 3067 1573 3108 eo
1600 3043 1657 3134 qni
1679 3043 1824 3110 Soeretie
1851 3047 1913 3112 luit
1939 3046 2074 3137 equeh's
2099 3071 2249 3136 quemque

290 3215 296 3228 ·
394 3175 624 3242 Eretoethenes
644 3168 750 3237 solum
772 3169 893 3236 elerum
918 3169 1016 3236 luisse
1036 3172 1091 3236 eit.
1133 3168 1265 3238 Clerior
1286 3179 1391 3236 eutem
1413 3181 1461 3235 est
1482 3170 1586 3236 lectus
1606 3166 1648 3232 oh
1669 3167 1770 3256 ipse·
1791 3167 1861 3236 eius
1881 3169 1916 3238 iu
1936 3169 2082 3238 Pletonis
2104 3171 2250 3260 operihes

392 3296 602 3379 mentionem,
622 3293 882 3385 quandoquidem
906 3306 1043 3386 uterque
1063 3295 1195 3362 Euenus
1215 3315 1275 3384 per
1296 3315 1332 3358 se
1352 3304 1445 3382 poete
1468 3292 1545 3357 setis
1567 3291 1736 3359 mediocris
1758 3292 1857 3358 inisse
1878 3293 2017 3360 videtur.

490 3425 560 3497 Sed
579 3427 643 3493 iem
663 3424 765 3492 eltcre
786 3427 929 3493 exoritur
949 3427 1096 3517 questio,
1117 3427 1181 3494 utri
1200 3425 1314 3494 Eueno
1335 3423 1533 3512 assignandae
1554 3423 1619 3491 sint
1639 3448 1710 3516 que
1732 3423 1827 3492 hodie
1846 3401 1907 3492 suls
1928 3449 1968 3491 co
1981 3425 2112 3492 nomine
2135 3451 2249 3493 server

392 3563 446 3619 tue
467 3550 633 3641 particule
654 3550 815 3639 eleqieeae,
836 3573 907 3640 quoe
930 3560 1038 3615 temen
1058 3550 1193 3644 quaestio
1213 3549 1246 3616 in
1267 3547 1373 3613 medio
1391 3546 1570 3614 vereehitur
1587 3573 1688 3640 usque
1706 3548 1783 3616 dum
1799 3572 1883 3617 nove
1899 3559 2008 3638 eperte
2020 3547 2145 3616 fuerint
2158 3573 2251 3617 rere·

394 3643 610 3742 monumente.
651 3674 793 3741 Perinde
819 3649 1056 3765 incompertum
1082 3673 1234 3740 hahemus
1260 3695 1337 3738 uum
1368 3671 1409 3737 ed
1434 3671 1624 3740 elterutrum
1645 3673 1778 3740 Parium
1803 3697 1845 3740 ιιι
1872 3673 1914 3739 ed
1941 3673 2073 3740 tertium
2099 3677 2250 3766 quenda

394 3797 463 3864 eive
489 3807 638 3886 querteru
664 3799 834 3864 Euenum*
845 3793 879 3884 ⁹)
905 3799 1071 3886 referende
1097 3800 1164 3866 siut
1191 3791 1238 3864 τὰ
1263 3793 1315 3880 εἰς
1337 3787 1546 3864 Εὔιοιιον
1527 3791 1677 3891 ιρωτικὰ
1704 3799 1791 3889 epud
1810 3795 2110 3884 Artemidos-ent,
2132 3803 2168 3868 4
2194 3825 2252 3890 qu

441 3947 490 4024 ¹⁸)
511 3945 728 4046 Chronieop
748 3944 790 4008 54
812 3947 862 4008 ed.
884 3945 1001 4022 Seelig.
1044 3942 1154 4021 Εὖηιός
1173 3947 1293 4026 ἰιηιιος
1313 3943 1434 4023 ιιοιηιης
1453 3943 1626 4026 decemplices.
1667 3945 1853 4025 Ἐηηιδιιλῆς
1874 3949 1922 4006 eet
1943 3947 2130 4024 Πηρμιδης
2149 3899 2274 4028 wi

492 4023 648 4108 φιλόσοφοι
669 4025 787 4106 ἐγιυιρίζ
787 4047 929 4088 οπο-
966 4029 1096 4089 Nomen
1119 4041 1223 4108 poete
1253 4031 1290 4089 iu
1312 4031 1478 4112 codicibus
1500 4031 1597 4090 modo
1619 4028 1764 4103 ὀξοιόιως
1771 4033 1879 4090 eundo
1900 4027 2167 4108 προπαροξοιόηι,
2188 4037 2242 4092 scri

493 4113 595 4174 bitur.
638 4111 695 4172 lm.
718 4109 918 4171 Be'lrlserus
909 4131 945 4170 ιιι
967 4111 1112 4172 Plutonis
1135 4113 1283 4174 editione
1306 4123 1493 4173 constanter
1515 4117 1644 4192 scripsit
1666 4110 1784 4191 Euporie,
1812 4117 1849 4173 iu
1872 4111 2059 4174 Aristotelis
2079 4113 2147 4173 vol
2180 4117 2244 4192 np

495 4190 669 4262 1015=‚29
704 4191 811 4263 lilio,
833 4193 885 4258 31
927 4193 1044 4272 Εὔηνος,
1066 4207 1100 4256 et
1121 4195 1333 4274 Goettlingiue
1354 4198 1395 4258 de
1421 4208 1557 4257 eooeutu
1586 4197 1700 4256 Greeco
1727 4217 1757 4276 p.
1782 4195 1845 4256 200
1872 4195 1983 4256 fulsum
2006 4215 2073 4256 esee
2099 4198 2253 4260 iudiceris

492 4277 731 4339 voculetionem
753 4276 825 4336 lirim
798 4273 871 4353 ηιός,
898 4279 939 4336 nd
967 4279 1103 4338 eandem
1135 4292 1243 4339 tumen
1275 4281 1375 4340 tecite
1403 4281 1504 4341 redut
1533 4301 1567 4340 ιιι
1590 4283 1699 4341 induce
1729 4301 1749 4359 p
1781 4280 1845 4340 412
1866 4279 1940 4340 coll
1965 4278 2038 4344 420
2093 4281 2203 4342 ieme
2188 4303 2251 4342 ress

495 4359 645 4438 enelogin
668 4359 780 4418 nomin
761 4383 837 4420 num
859 4355 1005 4436 Σιιλιςηό,
1023 4359 1075 4421 'tir
1059 4359 1183 4438 νισηιός,
1210 4361 1382 4441 gentilium
1403 4361 1572 4466 Ἀβασηιηίς,
1592 4361 1759 4441 Ἀβι·8ηιό,ς
1781 4360 1950 4441 Βοτροηοός
1976 4363 2209 4442 Ήροηιόςιιι

496 4445 574 4518 (eid.
599 4443 768 4519 Gmttling.
790 4445 812 4506 1.
834 4465 852 4505 ο
883 4465 918 4523 p
937 4441 1012 4519 198)
1039 4447 1192 4526 perducit
1220 4448 1261 4507 ed
1285 4451 1478 4546 scripturum
1498 4443 1616 4526 Εὔηνός,
1637 4467 1732 4526 quem
1755 4448 1942 4527 suppeditet
1962 4449 2063 4510 etiem
2090 4389 2252 4528 Theogni-

496 4535 564 4586 etus
586 4528 623 4586 in
645 4527 790 4587 Cremeri
812 4527 924 4592 anecd.
946 4527 1021 4607 llp
1055 4527 1107 4596 67.
1128 4529 1180 4589 84.
1213 4549 1254 4590 ex
1275 4533 1497 4610 entiquiurum
1525 4531 1680 4591 videlicet
1708 4533 1987 4610 gremmeticorum
2018 4537 2252 4594 commentaris

495 4612 677 4686 repetitum.
727 4610 780 4668 Sin
801 4606 910 4712 Εὔηνός
936 4608 1022 4669 idem
1052 4613 1120 4672 lere
1149 4610 1234 4672 velet
1259 4614 1345 4692 quod
1367 4615 1508 4684 Καλλῖνος
1537 4633 1566 4672 et
1588 4607 1751 4692 Ἀηοθνιος,
1794 4617 1827 4675 ei
1863 4614 2032 4692 Goettling.
2046 4637 2144 4714 p
2127 4617 2190 4675 900
2216 4637 2243 4692 sq

494 4693 597 4768 Atqui
620 4693 730 4752 nescio
751 4713 793 4752 en
814 4687 922 4770 Εοηιός
941 4693 1097 4754 hominis
1113 4715 1232 4755 nomeu
1254 4709 1389 4757 eccentu
1412 4698 1677 4775 distingnepdum
1700 4697 1743 4756 sit
1766 4717 1784 4756 e
1807 4689 2040 4810 nomindhue'
2008 4699 2058 4756 ιιί
2085 4697 2202 4776 eorm.
2222 4701 2250 4754 tc

495 4793 599 4854 quor
582 4775 645 4834 rid
669 4777 833 4854 Poppouis
856 4777 996 4856 prolege.
1018 4780 1057 4838 ed
1081 4778 1219 4855 Thucyd
1251 4780 1325 4857 le
1361 4778 1428 4840 160.

442 4857 494 4934 ¹⁹)
516 4856 587 4922 vid
613 4857 749 4918 iecoheii
773 4860 929 4922 euimede,
955 4864 996 4920 ed
1020 4861 1109 4921 nuth
1142 4861 1244 4928 Greeo
1268 4861 1337 4922 vol
1362 4863 1417 4924 111.
1440 4864 1465 4921 Ρ
1497 4861 1516 4920 8
1551 4883 1570 4941 p
1605 4859 1665 4920 898
1689 4885 1724 4942 sq
